<record><leader>00000cas a22000007a 4500</leader><controlfield tag="001">11933219</controlfield><controlfield tag="008">850417d19061968njuwr ne      0    0eng d</controlfield><datafield ind1=" " ind2=" " tag="010"><subfield code="a">sn 85035570 </subfield></datafield><datafield ind1=" " ind2=" " tag="040"><subfield code="a">NPA</subfield><subfield code="b">eng</subfield><subfield code="c">NPA</subfield><subfield code="d">DLC</subfield><subfield code="d">NPA</subfield><subfield code="d">NJW</subfield><subfield code="d">OCLCQ</subfield></datafield><datafield ind1=" " ind2=" " tag="042"><subfield code="a">msc</subfield></datafield><datafield ind1="0" ind2=" " tag="130"><subfield code="a">Weekly call (Dunellen, N.J. : 1906)</subfield></datafield><datafield ind1="1" ind2="4" tag="245"><subfield code="a">The weekly call.</subfield></datafield><datafield ind1=" " ind2=" " tag="260"><subfield code="a">Dunellen, N.J. :</subfield><subfield code="b">George W. Day,</subfield><subfield code="c">1906-</subfield></datafield><datafield ind1=" " ind2=" " tag="300"><subfield code="a">v. :</subfield><subfield code="b">ill.</subfield></datafield><datafield ind1=" " ind2=" " tag="310"><subfield code="a">Weekly</subfield></datafield><datafield ind1="0" ind2=" " tag="362"><subfield code="a">Vol. 15, no. 1 (July 26, 1906) = Whole no. 731-</subfield></datafield><datafield ind1="1" ind2=" " tag="362"><subfield code="a">Ceased in July 1968.</subfield><subfield code="z">Cf. Wright, W.C. and Stellhorn, P.A. Direct. of N.J. newspapers.</subfield></datafield><datafield ind1=" " ind2=" " tag="500"><subfield code="a">Publishers: Dunellen Pub. Co., Dec. 6, 1917-&lt;June 18, 1936&gt;; County Press, Inc., &lt;Sept. 23, 1937-Dec. 27, 1951&gt;; George Spayth, &lt;Jan. 2, 1958-Sept. 14, 1967&gt;; Village Weeklies, Inc., &lt;Sept. 28, 1967-July 11, 1968&gt;.</subfield></datafield><datafield ind1=" " ind2=" " tag="530"><subfield code="a">Also issued on microfilm by Norton Micro Images.</subfield></datafield><datafield ind1=" " ind2=" " tag="752"><subfield code="a">United States</subfield><subfield code="b">New Jersey</subfield><subfield code="c">Middlesex</subfield><subfield code="d">Dunellen.</subfield></datafield><datafield ind1=" " ind2=" " tag="752"><subfield code="a">United States</subfield><subfield code="b">New Jersey</subfield><subfield code="c">Middlesex</subfield><subfield code="d">New Market.</subfield></datafield><datafield ind1=" " ind2=" " tag="752"><subfield code="a">United States</subfield><subfield code="b">New Jersey</subfield><subfield code="c">Middlesex</subfield><subfield code="d">Middlesex.</subfield></datafield><datafield ind1=" " ind2=" " tag="752"><subfield code="a">United States</subfield><subfield code="b">New Jersey</subfield><subfield code="c">Middlesex</subfield><subfield code="d">South Plainfield.</subfield></datafield><datafield ind1=" " ind2=" " tag="752"><subfield code="a">United States</subfield><subfield code="b">New Jersey</subfield><subfield code="c">Middlesex</subfield><subfield code="d">Piscataway.</subfield></datafield><datafield ind1="0" ind2="0" tag="780"><subfield code="t">Call (Dunellen, N.J.)</subfield><subfield code="w">(DLC)sn 85035569</subfield><subfield code="w">(OCoLC)11933215</subfield></datafield><datafield ind1="0" ind2="5" tag="780"><subfield code="t">Dunellen chronicle</subfield><subfield code="w">(DLC)sn 85035609</subfield><subfield code="w">(OCoLC)13039597</subfield></datafield><datafield ind1="0" ind2="0" tag="785"><subfield code="t">Dunellen weekly call</subfield><subfield code="w">(DLC)sn 85035571</subfield><subfield code="w">(OCoLC)11933222</subfield></datafield></record>